@book{chambers1992,
  title={Statistical models in S},
  author={Chambers, John M and Hastie, Trevor J},
  year={1992},
  publisher={CRC Press, Inc.}
}

@book{wickham2014,
  title={Advanced R},
  author={Wickham, Hadley},
  year={2014},
  publisher={CRC Press}
}

@book{wickham2015,
  title = {R Packages},
  author = {{Wickham, Hadley}},
  year = {2015},
  publisher = {O'Reilly Media, Inc}
}

@Manual{R,
  title = {R: A Language and Environment for Statistical Computing},
  author = {{R Core Team}},
  organization = {R Foundation for Statistical Computing},
  address = {Vienna, Austria},
  year = {2012},
  note = {{ISBN} 3-900051-07-0},
  url = {http://www.R-project.org/},
}

@MANUAL{rclassmethods,
  title = "R: Class Methods",
  author = "R Core Team",
  year = {2016},
  organization = {R Foundation for Statistical Computing},
  url = {https://stat.ethz.ch/R-manual/R-devel/library/base/html/UseMethod.html}
}